@article{ostchega2003national,
	title={National Health and Nutrition Examination Survey 1999-2000: effect of observer training and protocol standardization on reducing blood pressure measurement error},
	author={Ostchega, Yechiam and Prineas, Ronald J and Paulose-Ram, Ryne and Grim, Carlene M and Willard, Grace and Collins, Doreen},
	journal={Journal of clinical epidemiology},
	volume={56},
	number={8},
	pages={768--774},
	year={2003},
	publisher={Elsevier}
}

@article{NUTS,
  title={The No-U-Turn sampler: adaptively setting path lengths in Hamiltonian Monte Carlo.},
  author={Hoffman, Matthew D and Gelman, Andrew and others},
  journal={J. Mach. Learn. Res.},
  volume={15},
  number={1},
  pages={1593--1623},
  year={2014}
}

@article{CDCBP,
	title={Evaluation of a weight management program for veterans },
	author={Alyson J. Littman and Edward J. Boyko and Mary B. McDonell and Stephan D. Fihn},
	journal={Preventing Chronic Disease},
	volume={9},
	year={2012},
	doi = {10.5888/pcd9.110267},
	publisher={Centers for Disease Control and Prevention}
}